[gd_scene load_steps=5 format=2]

[ext_resource path="res://entities/HUD/ManaBar.gd" type="Script" id=1]
[ext_resource path="res://entities/HUD/HealthBar.gd" type="Script" id=2]
[ext_resource path="res://fonts/Font.tres" type="DynamicFont" id=3]
[ext_resource path="res://entities/GUI/potions.png" type="Texture" id=4]

[node name="HUD" type="CanvasLayer"]

[node name="Health" type="ColorRect" parent="."]
margin_left = 3.0
margin_top = 158.0
margin_right = 77.0
margin_bottom = 167.0
color = Color( 0, 0, 0, 0.627451 )
script = ExtResource( 2 )
__meta__ = {
"_edit_use_anchors_": true
}

[node name="Bar" type="ColorRect" parent="Health"]
margin_left = 1.0
margin_top = 1.0
margin_right = 73.0
margin_bottom = 8.0
color = Color( 1, 0, 0, 1 )
__meta__ = {
"_edit_use_anchors_": false
}

[node name="Mana" type="ColorRect" parent="."]
margin_left = 3.0
margin_top = 169.0
margin_right = 77.0
margin_bottom = 178.0
color = Color( 0, 0, 0, 0.627451 )
script = ExtResource( 1 )
__meta__ = {
"_edit_use_anchors_": true
}

[node name="Bar" type="ColorRect" parent="Mana"]
margin_left = 1.0
margin_top = 1.0
margin_right = 73.0
margin_bottom = 8.0
color = Color( 0.129412, 0.501961, 1, 1 )
__meta__ = {
"_edit_use_anchors_": false
}

[node name="XP" type="ColorRect" parent="."]
margin_left = 124.0
margin_top = 158.0
margin_right = 196.0
margin_bottom = 178.0
color = Color( 0, 0, 0, 0.627451 )
__meta__ = {
"_edit_use_anchors_": false
}

[node name="LabelXP" type="Label" parent="XP"]
margin_left = 2.0
margin_top = 1.0
margin_right = 22.0
margin_bottom = 15.0
custom_fonts/font = ExtResource( 3 )
text = "XP:"

[node name="LabelLevel" type="Label" parent="XP"]
margin_left = 2.0
margin_top = 10.0
margin_right = 22.0
margin_bottom = 20.0
custom_fonts/font = ExtResource( 3 )
text = "LVL:"

[node name="ValueXP" type="Label" parent="XP"]
margin_left = 21.0
margin_top = 1.0
margin_right = 71.0
margin_bottom = 11.0
custom_fonts/font = ExtResource( 3 )
text = "0/100"
align = 2
__meta__ = {
"_edit_use_anchors_": false
}

[node name="ValueLevel" type="Label" parent="XP"]
margin_left = 21.0
margin_top = 10.0
margin_right = 71.0
margin_bottom = 20.0
custom_fonts/font = ExtResource( 3 )
text = "1"
align = 2
__meta__ = {
"_edit_use_anchors_": false
}

[node name="HealthPotions" type="ColorRect" parent="."]
margin_left = 243.0
margin_top = 158.0
margin_right = 279.0
margin_bottom = 198.0
color = Color( 0, 0, 0, 0.627451 )
__meta__ = {
"_edit_use_anchors_": false
}

[node name="Sprite" type="Sprite" parent="HealthPotions"]
position = Vector2( 10, 10 )
texture = ExtResource( 4 )
region_enabled = true
region_rect = Rect2( 0, 0, 16, 16 )

[node name="Label" type="Label" parent="HealthPotions"]
margin_left = 19.0
margin_top = 6.0
margin_right = 33.0
margin_bottom = 16.0
custom_fonts/font = ExtResource( 3 )
text = "0"
align = 2

[node name="ManaPotions" type="ColorRect" parent="."]
margin_left = 281.0
margin_top = 158.0
margin_right = 317.0
margin_bottom = 198.0
color = Color( 0, 0, 0, 0.627451 )
__meta__ = {
"_edit_use_anchors_": false
}

[node name="Sprite" type="Sprite" parent="ManaPotions"]
position = Vector2( 10, 10 )
texture = ExtResource( 4 )
region_enabled = true
region_rect = Rect2( 16, 0, 16, 16 )

[node name="Label" type="Label" parent="ManaPotions"]
margin_left = 19.0
margin_top = 6.0
margin_right = 33.0
margin_bottom = 16.0
custom_fonts/font = ExtResource( 3 )
text = "0"
align = 2
