[gd_scene load_steps=29 format=2]

[ext_resource path="res://entities/skeleton/skeleton_death_6.png" type="Texture" id=1]
[ext_resource path="res://entities/skeleton/skeleton_death_5.png" type="Texture" id=2]
[ext_resource path="res://entities/skeleton/skeleton_death_4.png" type="Texture" id=3]
[ext_resource path="res://entities/skeleton/skeleton_death_2.png" type="Texture" id=4]
[ext_resource path="res://entities/skeleton/skeleton_death_1.png" type="Texture" id=5]
[ext_resource path="res://entities/skeleton/skeleton_death_3.png" type="Texture" id=6]
[ext_resource path="res://entities/skeleton/skeleton_down_walk_1.png" type="Texture" id=7]
[ext_resource path="res://entities/skeleton/skeleton_down_idle_2.png" type="Texture" id=8]
[ext_resource path="res://entities/skeleton/skeleton_down_idle_1.png" type="Texture" id=9]
[ext_resource path="res://entities/skeleton/skeleton_down_walk_2.png" type="Texture" id=10]
[ext_resource path="res://entities/skeleton/skeleton_down_attack_2.png" type="Texture" id=11]
[ext_resource path="res://entities/skeleton/skeleton_down_attack_1.png" type="Texture" id=12]
[ext_resource path="res://entities/skeleton/skeleton_left_idle_1.png" type="Texture" id=13]
[ext_resource path="res://entities/skeleton/skeleton_left_attack_1.png" type="Texture" id=14]
[ext_resource path="res://entities/skeleton/skeleton_left_attack_2.png" type="Texture" id=15]
[ext_resource path="res://entities/skeleton/skeleton_left_walk_2.png" type="Texture" id=16]
[ext_resource path="res://entities/skeleton/skeleton_left_walk_1.png" type="Texture" id=17]
[ext_resource path="res://entities/skeleton/skeleton_left_idle_2.png" type="Texture" id=18]
[ext_resource path="res://entities/skeleton/skeleton_up_idle_1.png" type="Texture" id=19]
[ext_resource path="res://entities/skeleton/skeleton_up_attack_2.png" type="Texture" id=20]
[ext_resource path="res://entities/skeleton/skeleton_up_attack_1.png" type="Texture" id=21]
[ext_resource path="res://entities/skeleton/skeleton_up_idle_2.png" type="Texture" id=22]
[ext_resource path="res://entities/skeleton/skeleton_up_walk_1.png" type="Texture" id=23]
[ext_resource path="res://entities/skeleton/skeleton_up_walk_2.png" type="Texture" id=24]
[ext_resource path="res://entities/skeleton/Skeleton_FSN.gd" type="Script" id=25]
[ext_resource path="res://scenes/Label.gd" type="Script" id=26]

[sub_resource type="SpriteFrames" id=1]
animations = [ {
"frames": [ ExtResource( 9 ), ExtResource( 8 ) ],
"loop": true,
"name": "down_idle",
"speed": 1.0
}, {
"frames": [ ExtResource( 9 ), ExtResource( 7 ), ExtResource( 10 ), ExtResource( 8 ) ],
"loop": true,
"name": "down_walk",
"speed": 5.0
}, {
"frames": [ ExtResource( 13 ), ExtResource( 14 ), ExtResource( 15 ) ],
"loop": false,
"name": "left_attack",
"speed": 3.0
}, {
"frames": [ ExtResource( 13 ), ExtResource( 18 ) ],
"loop": true,
"name": "left_idle",
"speed": 5.0
}, {
"frames": [ ExtResource( 9 ), ExtResource( 12 ), ExtResource( 11 ) ],
"loop": false,
"name": "down_attack",
"speed": 3.0
}, {
"frames": [ ExtResource( 13 ), ExtResource( 17 ), ExtResource( 18 ), ExtResource( 16 ) ],
"loop": true,
"name": "left_walk",
"speed": 5.0
}, {
"frames": [ ExtResource( 19 ), ExtResource( 21 ), ExtResource( 20 ) ],
"loop": false,
"name": "up_attack",
"speed": 3.0
}, {
"frames": [ ExtResource( 19 ), ExtResource( 22 ) ],
"loop": true,
"name": "up_idle",
"speed": 1.0
}, {
"frames": [ ExtResource( 19 ), ExtResource( 23 ), ExtResource( 22 ), ExtResource( 24 ) ],
"loop": true,
"name": "up_walk",
"speed": 5.0
}, {
"frames": [ ExtResource( 5 ), ExtResource( 4 ), ExtResource( 6 ), ExtResource( 3 ), ExtResource( 2 ), ExtResource( 1 ) ],
"loop": false,
"name": "death",
"speed": 7.0
}, {
"frames": [ ExtResource( 1 ), ExtResource( 2 ), ExtResource( 3 ), ExtResource( 4 ), ExtResource( 6 ), ExtResource( 5 ) ],
"loop": false,
"name": "birth",
"speed": 7.0
} ]

[sub_resource type="RectangleShape2D" id=2]
extents = Vector2( 5, 7 )

[node name="Skeleton" type="KinematicBody2D"]
script = ExtResource( 25 )

[node name="Sprite" type="AnimatedSprite" parent="."]
z_index = 1
frames = SubResource( 1 )
animation = "down_idle"

[node name="CollisionShape2D" type="CollisionShape2D" parent="."]
shape = SubResource( 2 )

[node name="Timer" type="Timer" parent="."]
wait_time = 0.25

[node name="Label" type="Label" parent="."]
margin_right = 27.0
margin_bottom = 14.0
script = ExtResource( 26 )
__meta__ = {
"_edit_use_anchors_": false
}

[connection signal="state_changed" from="." to="Label" method="_on_Skeleton_state_changed"]
[connection signal="timeout" from="Timer" to="." method="_on_Timer_timeout"]
